@inproceedings{macqueen1967,
    address = "Berkeley, Calif.",
    author = "MacQueen, J.",
    booktitle = "Proceedings of the Fifth Berkeley Symposium on Mathematical Statistics and Probability, Volume 1: Statistics",
    pages = "281--297",
    publisher = "University of California Press",
    title = "Some methods for classification and analysis of multivariate observations",
    url = "http://projecteuclid.org/euclid.bsmsp/1200512992",
    year = "1967"
}

@electronic{voronoi,
 title   = "Voronoi Diagram",
 year    = "2015",
 howpublished = "Laboratory of Computational Chemistry",
 note     = {Available at \url{https://lcc.ncbr.muni.cz/whitezone/development/mole/web/docs/doc_alg.php}},
}

@ARTICLE{Lloyd, 
    author={S. Lloyd}, 
    journal={IEEE Transactions on Information Theory}, 
    title={Least squares quantization in PCM}, 
    year={1982}, 
    volume={28}, 
    number={2}, 
    pages={129-137}, 
    keywords={Least-squares approximation;PCM communication;Quantization (signal);Signal quantization;Amplitude modulation;Frequency;Helium;Laplace equations;Least squares methods;Phase change materials;Pulse modulation;Quantization;Sampling methods;Voltage}, 
    doi={10.1109/TIT.1982.1056489}, 
    ISSN={0018-9448}, 
    month={Mar},
}

@inproceedings{hamerly2002alternatives,
  title={Alternatives to the k-means algorithm that find better clusterings},
  author={Hamerly, Greg and Elkan, Charles},
  booktitle={Proceedings of the eleventh international conference on Information and knowledge management},
  pages={600--607},
  year={2002},
  organization={ACM}
}

@inproceedings{arthur2009k,
  title={k-Means has polynomial smoothed complexity},
  author={Arthur, David and Manthey, Bodo and Roglin, H},
  booktitle={Foundations of Computer Science, 2009. FOCS'09. 50th Annual IEEE Symposium on},
  pages={405--414},
  year={2009},
  organization={IEEE}
}

@Article{Aloise2009,
    author="Aloise, Daniel
    and Deshpande, Amit
    and Hansen, Pierre
    and Popat, Preyas",
    title="NP-hardness of Euclidean sum-of-squares clustering",
    journal="Machine Learning",
    year="2009",
    volume="75",
    number="2",
    pages="245--248",
    abstract="A recent proof of NP-hardness of Euclidean sum-of-squares clustering, due to Drineas et al. (Mach. Learn. 56:9--33, 2004), is not valid. An alternate short proof is provided.",
    issn="1573-0565",
    doi="10.1007/s10994-009-5103-0",
    url="http://dx.doi.org/10.1007/s10994-009-5103-0"
}

@Inbook{Mahajan2009,
    author="Mahajan, Meena
    and Nimbhorkar, Prajakta
    and Varadarajan, Kasturi",
    chapter="The Planar k-Means Problem is NP-Hard",
    title="WALCOM: Algorithms and Computation: Third International Workshop, WALCOM 2009, Kolkata, India, February 18-20, 2009. Proceedings",
    year="2009",
    publisher="Springer Berlin Heidelberg",
    address="Berlin, Heidelberg",
    pages="274--285",
    isbn="978-3-642-00202-1",
    doi="10.1007/978-3-642-00202-1_24",
    url="http://dx.doi.org/10.1007/978-3-642-00202-1_24"
}
